<record><leader>00000cas a22000007a 4500</leader><controlfield tag="001">21939986</controlfield><controlfield tag="008">900628d19741977mnucr ne      0    0eng d</controlfield><datafield ind1=" " ind2=" " tag="010"><subfield code="a">sn 90059806 </subfield></datafield><datafield ind1=" " ind2=" " tag="040"><subfield code="a">MN#</subfield><subfield code="b">eng</subfield><subfield code="c">MN#</subfield><subfield code="d">OCLCQ</subfield><subfield code="d">OCLCF</subfield><subfield code="d">OCLCO</subfield></datafield><datafield ind1="1" ind2=" " tag="029"><subfield code="a">AU@</subfield><subfield code="b">000025894057</subfield></datafield><datafield ind1=" " ind2=" " tag="042"><subfield code="a">msc</subfield></datafield><datafield ind1=" " ind2=" " tag="043"><subfield code="a">n-us-mn</subfield></datafield><datafield ind1=" " ind2=" " tag="052"><subfield code="a">4144</subfield><subfield code="b">E3</subfield><subfield code="b">H8</subfield><subfield code="b">M54</subfield><subfield code="b">E27</subfield></datafield><datafield ind1=" " ind2=" " tag="052"><subfield code="a">4143</subfield><subfield code="b">H4</subfield></datafield><datafield ind1="0" ind2=" " tag="130"><subfield code="a">Sun (Edina, Minn. : Hopkins Minnetonka Eden Prairie ed.)</subfield></datafield><datafield ind1="1" ind2="0" tag="245"><subfield code="a">Sun.</subfield></datafield><datafield ind1=" " ind2=" " tag="250"><subfield code="a">Hopkin Minnetonka Eden Prairie [ed.].</subfield></datafield><datafield ind1=" " ind2=" " tag="260"><subfield code="a">Edina, Minn. :</subfield><subfield code="b">Sun Newspapers,</subfield><subfield code="c">1974-1977.</subfield></datafield><datafield ind1=" " ind2=" " tag="300"><subfield code="a">v.</subfield></datafield><datafield ind1=" " ind2=" " tag="310"><subfield code="a">Semiweekly,</subfield><subfield code="b">Feb. 4, 1977-Sep. 2, 1977</subfield></datafield><datafield ind1=" " ind2=" " tag="321"><subfield code="a">Weekly,</subfield><subfield code="b">Aug. 22, 1974-Sep. 29, 1976</subfield></datafield><datafield ind1=" " ind2=" " tag="321"><subfield code="a">Triweekly,</subfield><subfield code="b">Oct. 6, 1976-Feb. 2, 1977</subfield></datafield><datafield ind1="0" ind2=" " tag="362"><subfield code="a">Vol. 74, no. 11 (Aug. 22, 1974)-v. 76, no. 2 (July 28, 1976) ; v. 4, no. 31 (Aug. 4, 1976)-v. 5, no. 65 (Sept. 2, 1977).</subfield></datafield><datafield ind1=" " ind2=" " tag="530"><subfield code="a">Available on microfilm from the Minnesota Historical Society.</subfield></datafield><datafield ind1=" " ind2="0" tag="651"><subfield code="a">Edina (Minn.)</subfield><subfield code="v">Newspapers.</subfield></datafield><datafield ind1=" " ind2="0" tag="651"><subfield code="a">Hopkins (Minn.)</subfield><subfield code="v">Newspapers.</subfield></datafield><datafield ind1=" " ind2="0" tag="651"><subfield code="a">Minnetonka (Minn.)</subfield><subfield code="v">Newspapers.</subfield></datafield><datafield ind1=" " ind2="0" tag="651"><subfield code="a">Eden Prairie (Minn.)</subfield><subfield code="v">Newspapers.</subfield></datafield><datafield ind1=" " ind2="7" tag="655"><subfield code="a">Newspapers.</subfield><subfield code="2">fast</subfield><subfield code="0">(OCoLC)fst01423814</subfield></datafield><datafield ind1=" " ind2="7" tag="651"><subfield code="a">Minnesota</subfield><subfield code="z">Eden Prairie.</subfield><subfield code="2">fast</subfield><subfield code="0">(OCoLC)fst01220168</subfield></datafield><datafield ind1=" " ind2="7" tag="651"><subfield code="a">Minnesota</subfield><subfield code="z">Edina.</subfield><subfield code="2">fast</subfield><subfield code="0">(OCoLC)fst01220182</subfield></datafield><datafield ind1=" " ind2="7" tag="651"><subfield code="a">Minnesota</subfield><subfield code="z">Hopkins.</subfield><subfield code="2">fast</subfield><subfield code="0">(OCoLC)fst01227769</subfield></datafield><datafield ind1=" " ind2="7" tag="651"><subfield code="a">Minnesota</subfield><subfield code="z">Minnetonka.</subfield><subfield code="2">fast</subfield><subfield code="0">(OCoLC)fst01227776</subfield></datafield><datafield ind1=" " ind2=" " tag="752"><subfield code="a">United States</subfield><subfield code="b">Minnesota</subfield><subfield code="c">Hennepin</subfield><subfield code="d">Edina.</subfield></datafield><datafield ind1=" " ind2=" " tag="752"><subfield code="a">United States</subfield><subfield code="b">Minnesota</subfield><subfield code="c">Hennepin</subfield><subfield code="d">Hopkins.</subfield></datafield><datafield ind1=" " ind2=" " tag="752"><subfield code="a">United States</subfield><subfield code="b">Minnesota</subfield><subfield code="c">Hennepin</subfield><subfield code="d">Minnetonka.</subfield></datafield><datafield ind1=" " ind2=" " tag="752"><subfield code="a">United States</subfield><subfield code="b">Minnesota</subfield><subfield code="c">Hennepin</subfield><subfield code="d">Eden Prairie.</subfield></datafield><datafield ind1="0" ind2="4" tag="780"><subfield code="t">Sun (Edina, Minn. : Hopkins-Minnetonka ed.)</subfield><subfield code="w">(DLC)sn 90059804</subfield></datafield><datafield ind1="0" ind2="4" tag="780"><subfield code="t">Sun (Edina, Minn. : Eden Prairie Community ed.)</subfield><subfield code="w">(DLC)sn 90059809</subfield></datafield><datafield ind1="0" ind2="6" tag="785"><subfield code="t">Sun (Edina, Minn. : Eden Prairie ed.)</subfield><subfield code="w">(DLC)sn 90059810</subfield></datafield><datafield ind1="0" ind2="6" tag="785"><subfield code="t">Sun (Edina, Minn. : Hopkins-Minnetonka ed. : 1977)</subfield><subfield code="w">(DLC)sn 90059825</subfield></datafield></record>